
@Book(MYCIN,
Author="Shortliffe, E.H.",
Key="Shortliffe",
Publisher="American Elsevier",
Title="Computer Based Medical Consultations: MYCIN",
Year="1976")

@TechReport(EMYCIN,
Key="EMYCIN",
Author="Van Melle, W., Scott, A. C., Bennett, J. S., Peairs, M.",
Institution="Computer Science Dept., Stanford University",
Title="The Emycin Manual",
Year="1981",
Month="Oct",
Number="STAN-CS-81-885")
